<?xml version="1.0" encoding="UTF-8"?><collection xmlns="http://www.loc.gov/MARC21/slim"><record><leader>00408nam--2200121-i-4500</leader><controlfield tag="001">000021327</controlfield><controlfield tag="002">20161230</controlfield><controlfield tag="005">20161230201034</controlfield><controlfield tag="008">060222s1000------------r-----000-0-eng-d</controlfield><datafield ind1=" " ind2=" " tag="100"><subfield code="a">Haller, A., Girard, Ch</subfield></datafield><datafield ind1=" " ind2=" " tag="245"><subfield code="a">Memento chimiste. (ancien agenda du chimiste). recueil de tables et de document divers lindispensables aux laboratoires.</subfield></datafield><datafield ind1=" " ind2=" " tag="260"><subfield code="a">Paris, H.Dunod Et E.Pinat, 1907. 758 P. + 2 P</subfield></datafield><datafield ind1=" " ind2=" " tag="852"><subfield code="a">1935</subfield></datafield></record></collection>